<record><leader>00000cas a22000007a 4500</leader><controlfield tag="001">11611441</controlfield><controlfield tag="008">850123d186u1867wiudr ne      0    0eng d</controlfield><datafield ind1=" " ind2=" " tag="010"><subfield code="a">sn 85040036 </subfield></datafield><datafield ind1=" " ind2=" " tag="040"><subfield code="a">NPV</subfield><subfield code="b">eng</subfield><subfield code="c">NPV</subfield><subfield code="d">OCL</subfield><subfield code="d">NVF</subfield><subfield code="d">CRL</subfield><subfield code="d">OCL</subfield><subfield code="d">OCLCQ</subfield><subfield code="d">OCLCF</subfield><subfield code="d">OCLCO</subfield></datafield><datafield ind1="1" ind2=" " tag="029"><subfield code="a">AU@</subfield><subfield code="b">000020235089</subfield></datafield><datafield ind1=" " ind2=" " tag="042"><subfield code="a">msc</subfield></datafield><datafield ind1=" " ind2=" " tag="043"><subfield code="a">n-us-wi</subfield></datafield><datafield ind1=" " ind2=" " tag="045"><subfield code="a">w6w6</subfield></datafield><datafield ind1=" " ind2=" " tag="052"><subfield code="a">4123</subfield><subfield code="b">L2</subfield></datafield><datafield ind1="0" ind2=" " tag="130"><subfield code="a">La Crosse daily Democrat (La Crosse, Wis. : 1863)</subfield></datafield><datafield ind1="1" ind2="4" tag="245"><subfield code="a">The La Crosse daily Democrat.</subfield></datafield><datafield ind1="1" ind2="7" tag="246"><subfield code="a">La Crosse Democrat</subfield></datafield><datafield ind1=" " ind2=" " tag="260"><subfield code="a">La Crosse, Wisc. :</subfield><subfield code="b">M.M. Pomeroy</subfield></datafield><datafield ind1=" " ind2=" " tag="300"><subfield code="a">v. :</subfield><subfield code="b">ill.</subfield></datafield><datafield ind1=" " ind2=" " tag="310"><subfield code="a">Daily</subfield></datafield><datafield ind1="1" ind2=" " tag="362"><subfield code="a">Ceased with Dec. 5 or Dec. 6, 1867 issue?</subfield></datafield><datafield ind1=" " ind2=" " tag="530"><subfield code="a">Available on microfilm from The State Historical Society of Wisconsin.</subfield></datafield><datafield ind1=" " ind2=" " tag="580"><subfield code="a">Also published in a weekly ed.: La Crosse weekly Democrat, &lt;Apr. 1863&gt;-May 10, 1864; La Crosse Democrat (La Crosse, Wis. : 1864), May 17, 1864-Dec. 1867.</subfield></datafield><datafield ind1=" " ind2=" " tag="588"><subfield code="a">Description based on: Vol. 4, no. 143 (Apr. 24, 1863).</subfield></datafield><datafield ind1=" " ind2=" " tag="588"><subfield code="a">Latest issue consulted: Vol. 8, no. 276 (Dec. 5, 1867).</subfield></datafield><datafield ind1=" " ind2="0" tag="651"><subfield code="a">La Crosse (Wis.)</subfield><subfield code="v">Newspapers.</subfield></datafield><datafield ind1=" " ind2="7" tag="655"><subfield code="a">Newspapers.</subfield><subfield code="2">fast</subfield><subfield code="0">(OCoLC)fst01423814</subfield></datafield><datafield ind1=" " ind2="7" tag="651"><subfield code="a">Wisconsin</subfield><subfield code="z">La Crosse.</subfield><subfield code="2">fast</subfield><subfield code="0">(OCoLC)fst01207161</subfield></datafield><datafield ind1=" " ind2=" " tag="752"><subfield code="a">United States</subfield><subfield code="b">Wisconsin</subfield><subfield code="c">La Crosse</subfield><subfield code="d">La Crosse.</subfield></datafield><datafield ind1="1" ind2=" " tag="775"><subfield code="t">Crosse weekly Democrat</subfield><subfield code="w">(DLC)sn 85040042</subfield><subfield code="w">(OCoLC)11613561</subfield></datafield><datafield ind1="1" ind2=" " tag="775"><subfield code="t">Crosse Democrat (La Crosse, Wis. : 1864)</subfield><subfield code="w">(DLC)sn 84031380</subfield><subfield code="w">(OCoLC)11138589</subfield></datafield><datafield ind1="0" ind2="0" tag="785"><subfield code="t">Daily Democrat (La Crosse, Wis. : 1867)</subfield><subfield code="w">(DLC)sn 85040037</subfield><subfield code="w">(OCoLC)11611615</subfield></datafield></record>